<record><leader>00000cas a22000007a 4500</leader><controlfield tag="001">10231149</controlfield><controlfield tag="008">831217d18531857ohudn ne      0    0eng d</controlfield><datafield ind1=" " ind2=" " tag="010"><subfield code="a">sn 83035662 </subfield></datafield><datafield ind1=" " ind2=" " tag="040"><subfield code="a">NPY</subfield><subfield code="b">eng</subfield><subfield code="c">NPY</subfield><subfield code="d">NPV</subfield><subfield code="d">ONP</subfield><subfield code="d">OCLCQ</subfield></datafield><datafield ind1=" " ind2=" " tag="042"><subfield code="a">msc</subfield></datafield><datafield ind1="0" ind2=" " tag="130"><subfield code="a">Daily ancient metropolis (Chillicothe, Ohio : 1853)</subfield></datafield><datafield ind1="1" ind2="4" tag="245"><subfield code="a">The Daily ancient metropolis.</subfield></datafield><datafield ind1="1" ind2="3" tag="246"><subfield code="a">Daily metropolis</subfield></datafield><datafield ind1="1" ind2="3" tag="246"><subfield code="a">Ancient metropolis</subfield></datafield><datafield ind1=" " ind2=" " tag="260"><subfield code="a">Chillicothe, Ohio :</subfield><subfield code="b">G. Armstrong,</subfield><subfield code="c">1853-</subfield></datafield><datafield ind1=" " ind2=" " tag="300"><subfield code="a">v. :</subfield><subfield code="b">ill. (chiefly advertisements) ;</subfield><subfield code="c">55 cm.</subfield></datafield><datafield ind1=" " ind2=" " tag="310"><subfield code="a">Daily (except Sun.)</subfield></datafield><datafield ind1="0" ind2=" " tag="362"><subfield code="a">Vol. 5, no. 1 (Oct. 10, 1853)-</subfield></datafield><datafield ind1="1" ind2=" " tag="362"><subfield code="a">Ceased in 1857.</subfield></datafield><datafield ind1=" " ind2=" " tag="580"><subfield code="a">Weekly ed.: Ancient metropolis (Chillicothe, Ohio : 1845).</subfield></datafield><datafield ind1=" " ind2=" " tag="752"><subfield code="a">United States</subfield><subfield code="b">Ohio</subfield><subfield code="c">Ross</subfield><subfield code="d">Chillicothe.</subfield></datafield><datafield ind1="1" ind2=" " tag="775"><subfield code="t">Ancient metropolis (Chillicothe, Ohio : 1845)</subfield><subfield code="w">(DLC)sn 83035658</subfield></datafield><datafield ind1="0" ind2="0" tag="780"><subfield code="t">Ancient metropolis (Chillicothe, Ohio : 1850)</subfield><subfield code="w">(DLC)sn 83035661</subfield></datafield></record>